<?xml version="1.0" encoding="UTF-8"?><collection xmlns="http://www.loc.gov/MARC21/slim"><record><leader>00348nam--2200121-i-4500</leader><controlfield tag="001">000022468</controlfield><controlfield tag="002">20161230</controlfield><controlfield tag="005">20161230201034</controlfield><controlfield tag="008">060222s1000------------r-----000-0-eng-d</controlfield><datafield ind1=" " ind2=" " tag="100"><subfield code="a">Hartshorne, N.H., Stuart, A</subfield></datafield><datafield ind1=" " ind2=" " tag="245"><subfield code="a">Practical optical crystallography</subfield></datafield><datafield ind1=" " ind2=" " tag="260"><subfield code="a">New York, American Elsevier Publ.,Co.,Inc.,1964. Vii + 326p. + 1pl</subfield></datafield><datafield ind1=" " ind2=" " tag="852"><subfield code="a">22048</subfield></datafield></record></collection>